@inbook{inbook_gonzalez_2022,
    author = {Gonzalez, Ruben and Wiggers, Thom},
    year = {2022},
    month = {12},
    pages = {99-117},
    title = {KEMTLS vs. Post-quantum TLS: Performance on Embedded Systems},
    isbn = {978-3-031-22828-5},
    doi = {10.1007/978-3-031-22829-2_6}
}
