% Example:
% @article{McCloskey_2024,
%    title={Critical Values Robust to P-hacking},
%    ISSN={1530-9142},
%    url={http://dx.doi.org/10.1162/rest_a_01456},
%    DOI={10.1162/rest_a_01456},
%    journal={Review of Economics and Statistics},
%    publisher={MIT Press},
%    author={McCloskey, Adam and Michaillat, Pascal},
%    year={2023},
%    month=dec,
%    pages={1â€“35},
%    volume={8},
%    number={X}
% }
