@article{bamakan2022,
  author = {Bamakan, Seyed Mojtaba Hosseini and Nezhadsistani, Nasim and Bodaghi, Omid and Qu, Qiang},
  title = {Patents and intellectual property assets as non-fungible tokens; key technologies and challenges},
  journal = {Scientific Reports},
  volume = {12},
  number = {1},
  pages = {2178},
  year = {2022},
  month = {feb},
  day = {9},
  doi = {10.1038/s41598-022-05920-6},
  url = {https://www.nature.com/articles/s41598-022-05920-6},
}

@article{nakamoto2008bitcoin,
  author = {Nakamoto, Satoshi},
  title = {Bitcoin: A Peer-to-Peer Electronic Cash System},
  year = {2008},
  month = {oct},
  url = {https://www.bitcoin.com/satoshi-archive/whitepaper},
}

@article{kufeoglu2019energy,
  author = {Küfeoğlu, Sinan and Özkuran, Mahmut},
  title = {Energy Consumption of Bitcoin Mining},
  year = {2019},
  doi = {10.17863/CAM.41230},
  url = {https://www.repository.cam.ac.uk/items/fd416409-1aef-49da-b373-3db366738fc5},
}

@misc{raft,
  author = {Diego Ongaro and John Ousterhout},
  title = {Raft Consensus Algorithm},
  year = {2014},
  url = {https://raft.github.io/},
}

@article{ongaro2014raft,
  author = {Diego Ongaro and John Ousterhout},
  title = {In Search of an Understandable Consensus Algorithm (Extended Version)},
  year = {2014},
  institution = {Stanford University},
  url = {https://raft.github.io/raft.pdf},
}

@misc{raftscope,
  author       = {Diego Ongaro and John Uckele},
  title        = {RaftScope: Super hacky visualization of raft},
  url          = {https://github.com/ongardie/raftscope},
}
